@article{maclaurin2014firefly,
  title={Firefly Monte Carlo: Exact MCMC with subsets of data},
  author={Maclaurin, Dougal and Adams, Ryan P},
  journal={arXiv preprint arXiv:1403.5693},
  year={2014}
}
@article{diaconis2009markov,
  title={The markov chain monte carlo revolution},
  author={Diaconis, Persi},
  journal={Bulletin of the American Mathematical Society},
  volume={46},
  number={2},
  pages={179--205},
  year={2009}
}
@article{cowles1996markov,
  title={Markov chain Monte Carlo convergence diagnostics: a comparative review},
  author={Cowles, Mary Kathryn and Carlin, Bradley P},
  journal={Journal of the American Statistical Association},
  volume={91},
  number={434},
  pages={883--904},
  year={1996},
  publisher={Taylor \& Francis}
}
@article{brooks1998convergence,
  title={Convergence assessment techniques for Markov chain Monte Carlo},
  author={Brooks, Stephen P and Roberts, Gareth O},
  journal={Statistics and Computing},
  volume={8},
  number={4},
  pages={319--335},
  year={1998},
  publisher={Springer}
}
@article{prekopa2003probabilistic,
  title={Probabilistic programming},
  author={Pr{\'e}kopa, Andr{\'a}s},
  journal={Handbooks in operations research and management science},
  volume={10},
  pages={267--351},
  year={2003},
  publisher={Elsevier}
}
@book{brooks2011handbook,
  title={Handbook of Markov Chain Monte Carlo},
  author={Brooks, Steve and Gelman, Andrew and Jones, Galin and Meng, Xiao-Li},
  year={2011},
  publisher={CRC press}
}
@article{chib1995understanding,
  title={Understanding the metropolis-hastings algorithm},
  author={Chib, Siddhartha and Greenberg, Edward},
  journal={The american statistician},
  volume={49},
  number={4},
  pages={327--335},
  year={1995},
  publisher={Taylor \& Francis Group}
}
@article{korattikara2013austerity,
  title={Austerity in MCMC land: Cutting the Metropolis-Hastings budget},
  author={Korattikara, Anoop and Chen, Yutian and Welling, Max},
  journal={arXiv preprint arXiv:1304.5299},
  year={2013}
}
@article{roberts2002langevin,
  title={Langevin diffusions and Metropolis-Hastings algorithms},
  author={Roberts, Gareth O and Stramer, Osnat},
  journal={Methodology and computing in applied probability},
  volume={4},
  number={4},
  pages={337--357},
  year={2002},
  publisher={Springer}
}
@article{neal2003slice,
  title={Slice sampling},
  author={Neal, Radford M},
  journal={Annals of statistics},
  pages={705--741},
  year={2003},
  publisher={JSTOR}
}
